@article{cite:8,
  author = {R. Liouville and G. Bernoulli},
  title = {{On the Positivity of Conditionally Closed, Right-Simply Contravariant Scalars}},
  journal = {{J}ournal of Numerical Geometry},
  month = {aug},
  year = {1993},
  volume = {6},
  pages = {152--191},
}


@article{cite:2,
  author = {Q. Smith},
  title = {{${\ell}$-Multiply Contra-One-to-One Paths over Semi-Almost Everywhere Negative Isomorphisms}},
  journal = {{J}ournal of Homological Model Theory},
  month = {sep},
  year = {2003},
  volume = {7},
  pages = {1408--1423},
}


@article{cite:0,
  author = {Q. Tate and L. Garcia and G. Banach},
  title = {{Regularity Methods in Fuzzy Number Theory}},
  journal = {{A}rchives of the {M}oldovan {M}athematical {S}ociety},
  month = {aug},
  year = {1995},
  volume = {0},
  pages = {78--93},
}


@article{Sheth_2001,
  doi = {10.1046/j.1365-8711.2001.04006.x},
  url = {http://dx.doi.org/10.1046/j.1365-8711.2001.04006.x},
  year = {2001},
  month = {may},
  publisher = {Oxford University Press ({OUP})},
  volume = {323},
  number = {1},
  pages = {1--12},
  author = {R. K. Sheth and H. J. Mo and G. Tormen},
  title = {{Ellipsoidal collapse and an improved model for the number and spatial distribution of dark matter haloes}},
  journal = {Monthly Notices of the Royal Astronomical Society},
}
